
@online{cv_ram,
  title = {Cyclone V Device Handbook},
  publisher = {Intel Corporation},
  url = {https://www.intel.com/content/www/us/en/docs/programmable/683375/current/logic-array-blocks-and-adaptive-logic-24877.html}
}

@online{cv_hps,
  title = {Cyclone V Hard Processor System Technical Reference Manual},
  url = {https://www.intel.com/content/www/us/en/docs/programmable/683126/21-2/hard-processor-system-technical-reference.html}
}

@online{codec,
  title = {Wolfson WM8731/WM8731L Audio CODEC Data Sheet},
  url = {https://cdn.sparkfun.com/datasheets/Dev/Arduino/Shields/WolfsonWM8731.pdf} 
}

